<record><leader>00000cas a2200000 a 4500</leader><controlfield tag="001">25931514</controlfield><controlfield tag="008">920603d19881992mnuer ne      0    0eng c</controlfield><datafield ind1=" " ind2=" " tag="010"><subfield code="a">sn2001061867</subfield></datafield><datafield ind1=" " ind2=" " tag="040"><subfield code="a">WIH</subfield><subfield code="b">eng</subfield><subfield code="c">WIH</subfield><subfield code="d">OCL</subfield><subfield code="d">NYS</subfield><subfield code="d">OCLCQ</subfield><subfield code="d">OCLCF</subfield><subfield code="d">OCLCO</subfield></datafield><datafield ind1="1" ind2=" " tag="029"><subfield code="a">AU@</subfield><subfield code="b">000023155748</subfield></datafield><datafield ind1=" " ind2=" " tag="042"><subfield code="a">pcc</subfield></datafield><datafield ind1=" " ind2=" " tag="043"><subfield code="a">n-us-mn</subfield></datafield><datafield ind1="0" ind2=" " tag="130"><subfield code="a">Ojibwe news (1988)</subfield></datafield><datafield ind1="1" ind2="4" tag="245"><subfield code="a">The Ojibwe news.</subfield></datafield><datafield ind1=" " ind2=" " tag="260"><subfield code="a">Bemidji, Minn. :</subfield><subfield code="b">W.L. Lawrence,</subfield><subfield code="c">1988-1992.</subfield></datafield><datafield ind1=" " ind2=" " tag="300"><subfield code="a">4 v. :</subfield><subfield code="b">ill. ;</subfield><subfield code="c">58 cm.</subfield></datafield><datafield ind1=" " ind2=" " tag="310"><subfield code="a">Semimonthly,</subfield><subfield code="b">Apr. 1989-</subfield></datafield><datafield ind1=" " ind2=" " tag="321"><subfield code="a">Weekly,</subfield><subfield code="b">1988-Mar. 1989</subfield></datafield><datafield ind1="0" ind2=" " tag="362"><subfield code="a">Vol. 1, issue 1 (May 24, 1988)-v. 4, issue 21 (Apr. 29, 1992).</subfield></datafield><datafield ind1=" " ind2=" " tag="500"><subfield code="a">Title from caption.</subfield></datafield><datafield ind1=" " ind2=" " tag="500"><subfield code="a">"Voice of the Anishinabe."</subfield></datafield><datafield ind1=" " ind2=" " tag="530"><subfield code="a">Available on microfilm from the State Historical Society of Wisconsin.</subfield></datafield><datafield ind1=" " ind2=" " tag="580"><subfield code="a">Suspended: May 1992-June 1993; then becomes part of: The Native American press.</subfield></datafield><datafield ind1=" " ind2="0" tag="650"><subfield code="a">Indians of North America</subfield><subfield code="z">Minnesota</subfield><subfield code="v">Newspapers.</subfield></datafield><datafield ind1=" " ind2="0" tag="651"><subfield code="a">Bemidji (Minn.)</subfield><subfield code="v">Newspapers.</subfield></datafield><datafield ind1=" " ind2="0" tag="651"><subfield code="a">Beltrami County (Minn.)</subfield><subfield code="v">Newspapers.</subfield></datafield><datafield ind1=" " ind2="7" tag="655"><subfield code="a">Newspapers.</subfield><subfield code="2">fast</subfield><subfield code="0">(OCoLC)fst01423814</subfield></datafield><datafield ind1=" " ind2="7" tag="650"><subfield code="a">Indians of North America.</subfield><subfield code="2">fast</subfield><subfield code="0">(OCoLC)fst00969633</subfield></datafield><datafield ind1=" " ind2="7" tag="651"><subfield code="a">Minnesota.</subfield><subfield code="2">fast</subfield><subfield code="0">(OCoLC)fst01204560</subfield></datafield><datafield ind1=" " ind2="7" tag="651"><subfield code="a">Minnesota</subfield><subfield code="z">Beltrami County.</subfield><subfield code="2">fast</subfield><subfield code="0">(OCoLC)fst01214891</subfield></datafield><datafield ind1=" " ind2="7" tag="651"><subfield code="a">Minnesota</subfield><subfield code="z">Bemidji.</subfield><subfield code="2">fast</subfield><subfield code="0">(OCoLC)fst01218730</subfield></datafield><datafield ind1=" " ind2=" " tag="752"><subfield code="a">United States</subfield><subfield code="b">Minnesota</subfield><subfield code="c">Beltrami</subfield><subfield code="d">Bemidji.</subfield></datafield><datafield ind1="0" ind2="0" tag="780"><subfield code="t">Ojibwe times</subfield><subfield code="w">(OCoLC)17527056</subfield></datafield><datafield ind1="1" ind2="5" tag="785"><subfield code="t">Native American press</subfield><subfield code="g">July 2, 1993</subfield><subfield code="w">(OCoLC)25931770</subfield></datafield></record>